<?xml version="1.0" encoding="UTF-8"?><collection xmlns="http://www.loc.gov/MARC21/slim"><record><leader>00324nam--2200121-i-4500</leader><controlfield tag="001">000043062</controlfield><controlfield tag="002">20161230</controlfield><controlfield tag="005">20161230201043</controlfield><controlfield tag="008">060222s1000------------r-----000-0-eng-d</controlfield><datafield ind1=" " ind2=" " tag="100"><subfield code="a">Sjtrand,Julius</subfield></datafield><datafield ind1=" " ind2=" " tag="245"><subfield code="a">Electronica tehnica</subfield></datafield><datafield ind1=" " ind2=" " tag="260"><subfield code="a">Bucuresti, Ed.Tehnica, 1959. 375 P. + 3 Scheme  Ale Aparatelor + Erata</subfield></datafield><datafield ind1=" " ind2=" " tag="852"><subfield code="a">6022</subfield></datafield></record></collection>